% %============================================================
% @article{,
% 	title = {},
% 	url = {},
% 	doi = {	}
% 	number = {},

% 	author = {},
% 	month = ,
% 	year = {},
% }
%============================================================
@article{tully_laniakea_2014,
	title = {The {Laniakea} supercluster of galaxies},
	volume = {513},
	issn = {0028-0836, 1476-4687},
	url = {http://www.nature.com/doifinder/10.1038/nature13674},
	doi = {10.1038/nature13674},
	number = {7516},
	urldate = {2015-11-04TZ},
	journal = {Nature},
	author = {Tully, R. B. and Courtois, H. and Hoffman, Y. and Pomarède, D.},
	month = sep,
	year = {2014},
	note = {Accessed: 2018-10-01}
}

%============================================================
@misc{ NatureTully  ,
    Author={E. Gibney},
  title = {Earth's new address: 'Solar System, Milky Way, Laniakea'},
  howpublished = {\url{https://www.nature.com/news/earth-s-new-address-solar-system-milky-way-laniakea-1.15819}},
  note = {Accessed: 2018-09-01}
}

%============================================================
@article{KwanLSSVoids,
	title = {Large-Scale Clustering of Cosmic Voids},
    doi={10.1103/PhysRevD.90.103521},
	url = {https://arxiv.org/abs/1409.3849v2},
	number = {1409.3849v2},
	author = {Chuen, K. and Hamaus, N. and Desjacques, V.},
	month = nov,
	year = {2014}
}

%============================================================
@article{TheSpineOfCosmicWeb,
	title = {The spine of the cosmic web},
	url = {https://arxiv.org/abs/0809.5104v2},
	doi = {	10.1088/0004-637X/723/1/364},
	number = {0809.5104},

	author = {Aragon-Calvo, Miguel and Platen, Erwin and Van de Weygaert, Rien and Szalay, Alexander},
	month = may,
	year = {2018}
}
%============================================================
@article{CosmicWebGeometric,
	title = {The Cosmic Web: Geometric Analysis},
	url = {https://arxiv.org/abs/0708.1441v1},
	doi = {10.1007/978-3-540-44767-2_11},
	number = {0708.1441},

	author = {Van de Weygaert, Rien and Schaap, Willem},
	month = aug,
	year = {2017}
}

%============================================================
@article{CosmicWatershedVoidDetection,
	title = {A Cosmic Watershed: the WVF Void Detection Technique},
	url = {https://arxiv.org/abs/0706.2788v1},
	doi = {10.1111/j.1365-2966.2007.12125.x},
	number = {0706.2788},

	author = {Platen, E. and Van de Weygaert, R. and Jones, B.},
	month =jun,
	year = {2007}
}

%============================================================

@misc{ catalogoRevisado ,
  Author={ Sandage, A. and  Tammann, G.},
  title = { A revised Shapley-Ames catalog (1981) },
}

%%============================================================
@misc{ SimData ,
  Author={ },
  title = {},
  howpublished = {\url{ftp://skun.iaa.es/SUsimulations/C1.2/HALOLISTS/HALOLISTS000/}},
  note = {Accessed: 2018-29-28 }
}

%%============================================================


@article{OnTheDefOfSuperclusters  ,
	title = {On the definition of superclusters},
	url = {https://arxiv.org/abs/1502.04584v1},
	doi = {	10.1051/0004-6361/201425591},
	number = {1502.04584v1},

	author = {Chon, G and  Böhringer ,H. and Zaroubi,S.  },
	month =feb,
	year = {2015}
}

%%============================================================
@article{GalaxyStructures  ,
	title = {Groups , Clusters and Superclusters},
	url = {https://arxiv.org/abs/1309.7786v2},
	doi = {	10.1142/S021988781460010X},
	number = {1309.7786v2 },

	author = {Sepp, T. and, Gramann , M.},
	month =dec,
	year = {2013}
}

%%============================================================
@article{GalaxyDM  ,
	title = {A model for a dark matter core at the galactic center},
	url = {https://arxiv.org/abs/1811.04061},
	number = {1811.04061v1},

	author = {Boshkayev,K. and Malafarina, D.},
	month =nov,
	year = {2018}
}
%%============================================================
@book{MathematicalMorphology,
   title =     {Mathematical Morphology and Its Applications to Image and Signal Processing},
   author =    {Goutsias, Jhon and  Vincent, Luc and  Bloomberg, Dan},
   publisher = {Kluwer},
   isbn =      {0-306-47025-X},
   year =      {2000},
   url =       {http://gen.lib.rus.ec/book/index.php?md5=CCEF1F79441DB6E27C593B2695801E68}}
%%============================================================
%Continuous Fields and Discrete Samples: Reconstruction through Delaunay Tessellations
@article{DelaunayTessellations_Schaap  ,
Author={Schaap, W. and Van de Weygaert, R.},
    month =Nov,
	year = {2000},
  title = {Continuous Fields and Discrete Samples: Reconstruction through Delaunay Tessellations},
  number={0011007v1},
  howpublished = {\url{https://arxiv.org/abs/astro-ph/0011007}},
  note = {Accessed: 2018-11-04.	A & A, 2000, 363, L29-L32 
}
}

%%============================================================
@article{BeucherWatershed1979  ,
Author={Beucher, S. and Latuejoul , C.},
    month =sep,
	year = {1979},
  title = {Use of watersheds in contour detection},
  howpublished = {\url{http://cmm.ensmp.fr/~beucher/publi/watershed.pdf}},
  note = {Accessed: 2018-11-04.}
}
%%============================================================

@article{BeucherSegmetation  ,
Author={ Beucher, S. and Latuejoul , C.},
    month =sep,
	year = {1979},
  title = {The watershed transform applied to image segmentation},
  howpublished = {\url{https://folk.uib.no/eha070/mat262/papers/Beucher.pdf}},
  note = {Accessed: 2018-10-24.}
}
%%============================================================
@book{TheDeepUniverse,
   title =     {The Deep Universe},
   author =    {Professor A. R. Sandage, Professor R. G. Kron, Professor M. S. Longair, Allan Sandage},
   publisher = {Springer-Verlag Berlin Heidelberg},
   isbn =      {978-3-540-58913-6,978-3-540-31635-0},
   year =      {1995},
   series =    {Saas-Fee Advanced Courses 23},
   edition =   {1},
   volume =    {1},
   url =       {http://gen.lib.rus.ec/book/index.php?md5=43963312CEE88CFF3A6350C278494DFF},
   note={Evolution in galaxy population}}
%%============================================================

@book{CataloguingNebulae,
   title =     {Observing and Cataloguing Nebulae and Star Clusters: From Herschel to Dreyer's New General Catalogue},
   author =    {Wolfgang Steinicke},
   publisher = {},
   isbn =      {0521192676,9780521192675,9780511789533},
   year =      {2010},
   series =    {},
   edition =   {},
   volume =    {},
   url =       {http://gen.lib.rus.ec/book/index.php?md5=D49DCEB2E1DEE8B4248B53C4B37758C7}}
%%============================================================

@book{PaleBuleDot,
   title =     {Pale Blue Dot: A Vision of the Human Future in Space},
   author =    {Sagan, C.},
   publisher = {Ballantine Books},
   isbn =      {0345376595,9780345376596},
   year =      {1997},
   series =    {},
   edition =   {1},
   volume =    {},
   url =       {http://gen.lib.rus.ec/book/index.php?md5=59D810AFB6240A5725BE5EB59C4FA81D}}
%%============================================================

@book{HitchhikersGuide,
   title =     {The Hitchhiker's Guide to the Galaxy},
   author =    {Adams, D.},
   publisher = {},
   isbn =      {0345391802,9780345391803},
   year =      {1995},
   series =    {},
   edition =   {},
   volume =    {},
   url =       {http://gen.lib.rus.ec/book/index.php?md5=30C974B50A71FF4C2D239E4EBC5FDABA}}
%%============================================================

@misc{IllustrisHome  ,
Author={ },
  title = {Illustris Project},
  howpublished = {\url{http://www.illustris-project.org/}},
  note = {Accessed: 2018-11-11}
}

%%============================================================

@misc{MilleniumHome  ,
Author={ Max-Plank-Institut},
  title = {The Millenium Simulation Project},
  howpublished = {\url{https://wwwmpa.mpa-garching.mpg.de/galform/virgo/millennium/}},
  note = {Accessed: 2018-11-11}
}

%%============================================================

@misc{Repositorio  ,
Author={ Paipa L. David},
  title = {Github Repository : SuperClustercharacterization},
  howpublished = {\url{https://github.com/PaipaPsyche/SuperClusterCharacterization}}
}
%%============================================================

@misc{SHC_TESIS,
Author={Hernandez S.},
  title = {Laniakea in a Cosmological Context or Detection of galaxy superclusters in simulated cosmological structures},
  howpublished = {Universidad de los Andes},
  note = {2016}
}
%============================================================

@book{CARROLL,
   title =     {Spacetime and Geometry: An Introduction to General Relativity},
   author =    {Carroll, S.},
   publisher = {Pearson},
   isbn =      {0805387323,9780805387322},
   year =      {2003},
   series =    {},
   edition =   {},
   volume =    {},
   url =       {http://gen.lib.rus.ec/book/index.php?md5=AD1F877A23B3478F9F64D914029F177D}}
%%============================================================

@misc{ Hubble ,
Author={ Hubble, E.},
  title = {The Realm of the Nebulae},
  howpublished ={\url{http://adsabs.harvard.edu/abs/1936rene.book.....H}},
  note = {Accessed: 2018-11-04 }
}lan
%%============================================================

% @misc{  ,
%Author={ },
%   title = {},
%   howpublished = {\url{}},
%   note = {Accessed: 2018- - }
% }%%============================================================

% @misc{  ,
%Author={ },
%   title = {},
%   howpublished = {\url{}},
%   note = {Accessed: 2018- - }
% }%%============================================================

% @misc{  ,
%Author={ },
%   title = {},
%   howpublished = {\url{}},
%   note = {Accessed: 2018- - }
% }%%============================================================

% @misc{  ,
%Author={ },
%   title = {},
%   howpublished = {\url{}},
%   note = {Accessed: 2018- - }
% }%%============================================================

% @misc{  ,
%Author={ },
%   title = {},
%   howpublished = {\url{}},
%   note = {Accessed: 2018- - }
% }
%*********************************************************
%*********************************************************
%XXXXXXXXXXXXXXXXXXXXXXXXXXXXXXXXXXXXXXXXXXXXXXXXXXXXXXXXX
% \bibitem{Hernandez} S. Hernandez.\textit{Laniakea in a Cosmological Context or Detection of galaxy superclusters in simulated cosmological structures}, pg 5 , (2016).



% \bibitem{WaterBeuch} S. Beucher \& C. Lantuejoul. \textit{Use of Watersheds in contour detection}.(1979) 
% \bibitem{SegmBeuch} S. Beucher. \textit{The watershed transformation applied to image segmentation}.

% \bibitem{FullyConn} T. Sousbie, S. Colombi \& C. Pichon. \textit{The fully connected N dimensional Skeleton: probing the evolution of the cosmic web}, \textbf{1}(2018).

% \bibitem{simulations} Índice de SUSimulations . Simulaciones obtenidas de \textit{ftp://skun.iaa.es/SUsimulations/C1.2/HALOLISTS/}, Consultado el 24 de Abril de 2018.


% \bibitem{probe2d} D. Novikov, S. Colombi \& O. Doré. \textit{Skeleton as a probe of the cosmic web: the two-dimensional case}, \textbf{1}(2005).

% \bibitem{Persistent} T. Sousbie. \textit{The persistent cosmic web and its filamentary structure I: Theory and implementation}, \textbf{1}(2010).
